@misc{graphviz,
author = {{GitLab}},
title = {Página principal de Graphviz},
url = {https://graphviz.org},
note = "[En Línea. Última consulta: 15-07-2024]"
}

@misc{java,
author = {{Oracle}},
title = {Página principal de Java},
url = {https://www.java.com/es/},
note = "[En Línea. Última consulta: 15-07-2024]"
}


@book{lopd,
author = {{Agencia Estatal Boletín Oficial del Estado}},
title = {Ley  Orgánica  3/2018,  de  5  de  diciembre,  de  Protección  de  Datos Personales y garantía de los derechos digitales.},
publisher = {BOE},
year = {2018},
url={https://www.boe.es/buscar/pdf/2018/BOE-A-2018-16673-consolidado.pdf}
}


@misc{netbeans,
author = {{The Apache Software Foundation}},
title = {Apache Netbeans},
url = {https://netbeans.apache.org/},
note = "[En Línea. Última consulta: 15-07-2024]"
}

