@book{aho2008,
  title     = "Compiladores: Principios, Técnicas y Herramientas. Segunda edición",
  author    = "{Aho, A. V.} and {Lam, M. S.} and {Sethi, R.} and {Ullman, J. D.}",
  year      = 2008,
  publisher = "Pearson Educación",
  address   = "México"
}




@misc{boostrap,
title = {Boostrap},
url = {https://getbootstrap.com/},
note = "[En línea. Última consulta: 5-05-2024]"
}


@misc{drawio,
title = {Draw.io},
url = {https://app.diagrams.net/},
note = "[En Línea. Última consulta: 5-05-2024]"
}

@misc{eclipse,
  author      = "{Eclipse Foundation}",
  title       = {Eclipse IDE},
  url = {https://eclipseide.org/},
  note = "[En Línea. Última consulta: 21-3-]"
}

@misc{gimp,
author = {{GNU project}},
title = {GIMP GNU},
url = {https://www.gimp.org/},
note = "[En Línea. Última consulta: 5-05-2024]"
}

@misc{git,
author = {{Git}},
title = {Git},
url = {https://git-scm.com/},
note = "[En Línea. Última consulta: 10-05-2024]"
}

@misc{github,
author = {{Github, Inc.}},
title = {GitHub},
url = {https://github.com/},
note = "[En Línea. Última consulta: 10-05-2024]"
}




@misc{gpl,
author = {{GNU project}},
title = {Licencia GPL de GNU},
url = {https://www.gnu.org/licenses/licenses.es.html#GPL},
note = "[En Línea. Última consulta: 5-05-2024]"
}

@misc{graphviz,
author = {Graphviz},
title = {Graphviz},
url = {https://graphviz.org/about/},
note = "[En Línea. Última consulta: 21-3-2022]"
}

@misc{highcharts,
  author      = "{Highcharts}",
  title       = {Highcharts},
  url = {https://www.highcharts.com/},
  note = "[En Línea. Última consulta: 21-3-2024]"
}

@misc{itextpdf,
author = {{iText Group}},
title = {iText},
url = {https://itextpdf.com/},
note = "[En Línea. Última consulta: 3-2-2024]"
}

@misc{java,
author = {{Oracle}},
title = {Java},
url = {https://www.java.com/es},
note = "[En Línea. Última consulta: 5-05-2024]"
}



@misc{javaswing,
author = {{Oracle}},
title = {Java Swing},
url = {https://docs.oracle.com/javase/tutorial/uiswing/},
note = "[En Línea. Última consulta: 5-05-2024]"
}



@misc{latex,
title = {Latex project},
url = {https://www.latex-project.org/get/},
note = "[En Línea. Última consulta: 5-05-2024]"
}




@book{lopd,
author = {{Agencia Estatal Boletín Oficial del Estado}},
title = {Ley  Orgánica  3/2018,  de  5  de  diciembre,  de  Protección  de  Datos Personales y garantía de los derechos digitales.},
publisher = {BOE},
year = {2018},
url={https://www.boe.es/buscar/pdf/2018/BOE-A-2018-16673-consolidado.pdf}
}



@misc{netbeans,
author = {{Apache Netbeans}},
title = {Apache Netbeans 15},
url = {https://netbeans.apache.org/community/index.html},
note = "[En Línea. Última consulta: 5-05-2024]"
}


@book{omt,
author = {James Rumbaugh and Michael Blaha and William Premerlani and Frederick Eddy and William Lorensen},
title = {Object-Oriented Modeling and Design},
year = {1991},
publisher = {Prentice Hall}
}

@misc{omg,
title = {OMG - Object Management Group},
url = {https://www.omg.org},
note = "[En línea. Última consulta: 5-05-2024]"
}


@misc{overleaf,
title = {Overleaf project},
url = {https://www.overleaf.com/},
note = "[En Línea. Última consulta: 5-05-2024]"
}


@book{pressman,
   title     = {Ingeniería del Software. Un enfoque práctico},
   author    = {Roger S, Pressman, R. S.},
   year      = 1992,
   publisher = "Mc Graw-Hill",
   address   = "España"
 }

@MISC{scrum,
author = {{Sutherland, J.} and {Schwaber, K.}},
title = {La Guía de Scrum. La Guía Definitiva de Scrum: Las Reglas del Juego.},
year = {2013},
howpublished={\url{https://scrumguides.org/docs/scrumguide/v1/Scrum-Guide-ES.pdf}},
note = {[En Línea. Última consulta: 05-07-2024]}
}

@misc{ubuntu,
author = {{Canonical Ltd.}},
title = {Ubuntu},
url = {https://ubuntu.com/},
note = "[En línea. Última consulta: 3-2-2024]"
}

@misc{uml,
author = {{OMG Object Management Group, Inc.}},
title = {Unified Modeling Languagje},
url = {https://www.uml.org/},
note = "[En línea. Última consulta: 5-05-2024]"
}



@techreport{vanesa,
  author      = "{González Pérez, V.}",
  title       = "SimAS: Simulador de Análisis Sintácticos. Proyecto de fin de carrera de Ingeniería Informática",
  institution = "Escuela Politécnica Superior de Córdoba",
  year        = "2015"
}

@misc{visualstudio,
  author      = "{Visual Studio}",
  title       = {Visual Studio},
  url = {https://code.visualstudio.com/},
  note = "[En Línea. Última consulta: 21-3-2024]"
}

@misc{windows,
author = {{Microsoft Windows}},
title = {Soporte técnico de Microsoft},
url = {https://support.microsoft.com/es-ES},
note = "[En línea. Última consulta: 3-2-2024]"
}

@misc{xml,
author = {{XML Tutorial}},
title = {W3 School},
url = {https://www.w3schools.com/xml/},
note = "[En línea. Última consulta: 3-2-2024]"
}


%%%Nuevas

@techreport{juan,
  author      = "{Fernández Díaz, J. A.}",
  title       = "SimAS: Simulador de Análisis Sintácticos. Proyecto de fin de carrera de Ingeniería Informática",
  institution = "Escuela Politécnica Superior de Córdoba",
  year        = "2023"
}


@misc{intellij,
author = {{JetBrains}},
title = {Intellij IDEA},
url = {https://www.jetbrains.com/idea/},
note = "[En Línea. Última consulta: DD-MM-AAAA]"
}

@misc{macos,
author = {{Apple Inc.}},
title = {macOS Sonoma},
url = {https://www.apple.com/es/macos/sonoma/},
note = "[Sistema operativo]. Versión 14.0."
}

@misc{scenebuilder,
author = {{Gluon}},
title = {Scene Builder},
url = {https://gluonhq.com/products/scene-builder/},
note = "[Herramienta de diseño de interfaces de usuario]. Última consulta: DD-MM-AAAA."
}

@misc{javafx,
author = {{Oracle Corporation}},
title = {JavaFX},
url = {https://openjfx.io/},
note = "[Plataforma de desarrollo de aplicaciones gráficas en Java]. Última consulta: DD-MM-AAAA."
}

@misc{html,
author = {World Wide Web Consortium (W3C)},
title = {HTML - Hypertext Markup Language},
url = {https://www.w3.org/html/},
note = "[Lenguaje de marcado]. Última consulta: DD-MM-AAAA."
}

@misc{rad,
author = {uCloud},
title = {Metodología RAD},
url = {https://ucloudglobal.com/blog/metodologia-rad/},
note = "[Metodología desarrollo software]. Última consulta: 07-07-2024."
}