@book{aho2008,
  title     = "Compiladores: Principios, Técnicas y Herramientas. Segunda edición",
  author    = "{Aho, A. V.} and {Lam, M. S.} and {Sethi, R.} and {Ullman, J. D.}",
  year      = 2008,
  publisher = "Pearson Educación",
  address   = "México"
}




@misc{boostrap,
title = {Boostrap},
url = {https://getbootstrap.com/},
note = "[En línea. Última consulta: 19-6-2025]"
}


@misc{drawio,
title = {Draw.io},
url = {https://app.diagrams.net/},
note = "[En línea. Última consulta: 17-9-2025]"
}

@misc{eclipse,
  author      = "{Eclipse Foundation}",
  title       = {Eclipse IDE},
  url = {https://eclipseide.org/},
  note = "[En línea. Última consulta: 17-9-2025]"
}

@misc{gimp,
author = {{GNU project}},
title = {GIMP GNU},
url = {https://www.gimp.org/},
note = "[En línea. Última consulta: 17-9-2025]"
}

@misc{gpl,
author = {{GNU project}},
title = {Licencia GPL de GNU},
url = {https://www.gnu.org/licenses/licenses.es.html#GPL},
note = "[En línea. Última consulta: 17-9-2025]"
}

@misc{graphviz,
author = {Graphviz},
title = {Graphviz},
url = {https://graphviz.org/about/},
note = "[En línea. Última consulta: 17-9-2025]"
}

@misc{highcharts,
  author      = "{Highcharts}",
  title       = {Highcharts},
  url = {https://www.highcharts.com/},
  note = "[En línea. Última consulta: 17-9-2025]"
}

@misc{itextpdf,
author = {{iText Group}},
title = {iText},
url = {https://itextpdf.com/},
note = "[En línea. Última consulta: 17-9-2025]"
}

@misc{java,
author = {{Oracle}},
title = {Java},
url = {https://www.java.com/es},
note = "[En línea. Última consulta: 17-9-2025]"
}

@misc{adoptium,
author = {{Eclipse Adoptium}},
title = {Eclipse Adoptium - OpenJDK (alternativa de código abierto)},
url = {https://adoptium.net/},
note = "[En línea. Última consulta: 15-12-2024]"
}

@misc{java-requisitos,
author = {{Oracle}},
title = {¿Cuáles son los requisitos del sistema para Java?},
url = {https://www.java.com/es/download/help/sysreq.html},
note = "[En línea. Última consulta: 15-12-2024]"
}







@misc{javaswing,
author = {{Oracle}},
title = {Java Swing},
url = {https://docs.oracle.com/javase/tutorial/uiswing/},
note = "[En línea. Última consulta: 15-12-2024]"
}



@misc{latex,
title = {Latex project},
url = {https://www.latex-project.org/get/},
note = "[En línea. Última consulta: 15-12-2024]"
}




@book{lopd,
author = {{Agencia Estatal Boletín Oficial del Estado}},
title = {Ley  Orgánica  3/2018,  de  5  de  diciembre,  de  Protección  de  Datos Personales y garantía de los derechos digitales.},
publisher = {BOE},
year = {2018},
url={https://www.boe.es/buscar/pdf/2018/BOE-A-2018-16673-consolidado.pdf}
}



@misc{netbeans,
author = {{Apache Netbeans}},
title = {Apache Netbeans 15},
url = {https://netbeans.apache.org/community/index.html},
note = "[En línea. Última consulta: 15-12-2024]"
}


@book{omt,
author = {James Rumbaugh and Michael Blaha and William Premerlani and Frederick Eddy and William Lorensen},
title = {Object-Oriented Modeling and Design},
year = {1991},
publisher = {Prentice Hall}
}

@misc{omg,
title = {OMG - Object Management Group},
url = {https://www.omg.org},
note = "[En línea. Última consulta: 5-12-2022]"
}


@misc{overleaf,
title = {Overleaf project},
url = {https://www.overleaf.com/},
note = "[En línea. Última consulta: 15-12-2024]"
}


@book{pressman,
   title     = {Ingeniería del Software. Un enfoque práctico},
   author    = {Roger S, Pressman, R. S.},
   year      = 1992,
   publisher = "Mc Graw-Hill",
   address   = "España"
 }

@misc{ubuntu,
author = {{Canonical Ltd.}},
title = {Ubuntu},
url = {https://ubuntu.com/},
note = "[En línea. Última consulta: 15-12-2024]"
}

@misc{uml,
author = {{OMG Object Management Group, Inc.}},
title = {Unified Modeling Languagje},
url = {https://www.uml.org/},
note = "[En línea. Última consulta: 5-12-2022]"
}



@techreport{vanesa,
  author      = "{González Pérez, V.}",
  title       = "SimAS: Simulador de Análisis Sintácticos. Proyecto de fin de carrera de Ingeniería Informática",
  institution = "Escuela Politécnica Superior de Córdoba",
  year        = "2015"
}

@misc{visualstudio,
  author      = "{Visual Studio}",
  title       = {Visual Studio},
  url = {https://code.visualstudio.com/},
  note = "[En línea. Última consulta: 15-12-2024]"
}

@misc{windows,
author = {{Microsoft Windows}},
title = {Soporte técnico de Microsoft},
url = {https://support.microsoft.com/es-ES},
note = "[En línea. Última consulta: 15-12-2024]"
}

@misc{xml,
author = {{XML Tutorial}},
title = {W3 School},
url = {https://www.w3schools.com/xml/},
note = "[En línea. Última consulta: 15-12-2024]"
}

@misc{javafx,
author = {{Oracle}},
title = {JavaFX},
url = {https://openjfx.io/},
note = "[En línea. Última consulta: 15-12-2024]"
}

@misc{jpackage,
author = {{Oracle}},
title = {jpackage - Java Platform, Standard Edition Tools Reference},
url = {https://docs.oracle.com/en/java/javase/17/docs/specs/man/jpackage.html},
note = "[En línea. Última consulta: 15-12-2024]"
}

@misc{bnf,
author = {{Wikipedia}},
title = {Forma de Backus-Naur},
url = {https://es.wikipedia.org/wiki/Forma_de_Backus-Naur},
note = "[En línea. Última consulta: 15-12-2024]"
}

@misc{ll1,
author = {{Wikipedia}},
title = {LL parser},
url = {https://en.wikipedia.org/wiki/LL_parser},
note = "[En línea. Última consulta: 15-12-2024]"
}

@misc{first-follow,
author = {{GeeksforGeeks}},
title = {First and Follow Sets},
url = {https://www.geeksforgeeks.org/first-set-in-syntax-analysis/},
note = "[En línea. Última consulta: 15-12-2024]"
}

